
@ARTICLE{Geleyn1979,
   author = {{Geleyn}, J.~F. and {Hollingsworth}, A.},
    title = "{Economical analytical method for the computation of the interaction between scattering and line absorption of radiation.}",
  journal = BPA,
     year = 1979,
   volume = 52,
    pages = {1-16}
}

@ARTICLE{Nakajima1990,
   author = {{Nakajima}, T. and {King}, M.~D.},
    title = "{Determination of the optical thickness and effective particle radius of clouds from reflected solar radiation measurements. I - Theory}",
  journal = JAS,
     year = 1990,
   volume = 47,
    pages = {1878-1893},
      doi = {10.1175/1520-0469(1990)047{$<$}1878:DOTOTA{$>$}2.0.CO;2}
}

@ARTICLE{Tiedtke1993,
   author = {{Tiedtke}, M.},
    title = "{Representation of Clouds in Large-Scale Models}",
  journal = MWR,
     year = 1993,
   volume = 121,
    pages = {3040},
      doi = {10.1175/1520-0493(1993)121{$<$}3040:ROCILS{$>$}2.0.CO;2}
}

@ARTICLE{Han1994,
   author = {{Han}, Q. and {Rossow}, W.~B. and {Lacis}, A.~A.},
    title = "{Near-Global Survey of Effective Droplet Radii in Liquid Water Clouds Using ISCCP Data.}",
  journal = JC,
     year = 1994,
    month = apr,
   volume = 7,
    pages = {465-497},
      doi = {10.1175/1520-0442(1994)007{$<$}0465:NGSOED{$<$}2.0.CO;2}
}

@ARTICLE{Martin1994,
   author = {{Martin}, G.~M. and {Johnson}, D.~W. and {Spice}, A.},
    title = "{The Measurement and Parameterization of Effective Radius of Droplets in Warm Stratocumulus Clouds.}",
  journal = JAS,
     year = 1994,
    month = jul,
   volume = 51,
    pages = {1823-1842},
      doi = {10.1175/1520-0469(1994)051{$<$}1823:TMAPOE{$<$}2.0.CO;2}
}

@ARTICLE{Rossow1999,
   author = {{Rossow}, W.~B. and {Schiffer}, R.~A.},
    title = "{Advances in Understanding Clouds from ISCCP.}",
  journal = BAMS,
     year = 1999,
    month = nov,
   volume = 80,
    pages = {2261-2288},
      doi = {10.1175/1520-0477(1999)080{$<$}2261:AIUCFI{$>$}2.0.CO;2}
}

@ARTICLE{Sun1999,
   author = {{Sun}, Z. and {Rikus}, L.},
    title = "{Parametrization of effective sizes of cirrus-cloud particles and its verification against observations}",
  journal = QJRMS,
     year = 1999,
    month = oct,
   volume = 125,
    pages = {3037-3055},
      doi = {10.1002/qj.49712556012}
}

@ARTICLE{Webb2001,
   author = {{Webb}, M. and {Senior}, C. and {Bony}, S. and {Morcrette}, J.-J.  },
    title = "{Combining ERBE and ISCCP data to assess clouds in the Hadley Centre, ECMWF and LMD atmospheric climate models}",
  journal = CD,
     year = 2001,
   volume = 17,
    pages = {905-922},
      doi = {10.1007/s003820100157}
}

@ARTICLE{Sun2001,
   author = {{Sun}, Z.},
    title = "{Reply to comments by Greg M. McFarquhar on `Parametrization of effective sizes of cirrus-cloud particles and its verification against observations'. (October B, 1999,125, 3037 3055)}",
  journal = QJRMS,
     year = 2001,
    month = jan,
   volume = 127,
    pages = {267-271},
      doi = {10.1002/qj.49712757116}
}

@ARTICLE{Bechtold2004,
   author = {{Bechtold}, P. and {Chaboureau}, J.~P. and {Beljaars}, A. and 
	{Betts}, A.~K. and {K{\"o}hler}, M. and {Miller}, M. and {Redelsperger}, J.~L.
	},
    title = "{The simulation of the diurnal cycle of convective precipitation over land in a global model}",
  journal = QJRMS,
     year = 2004,
    month = oct,
   volume = 130,
    pages = {3119-3137},
      doi = {10.1256/qj.03.103}
}

@ARTICLE{Uppala2005,
   author = {{Uppala}, S.~M. and {K{\aa}llberg}, P.~W. and {Simmons}, A.~J. and 
	{Andrae}, U. and {Bechtold}, V.~D.~C. and {Fiorino}, M. and 
	{Gibson}, J.~K. and {Haseler}, J. and {Hernandez}, A. and {Kelly}, G.~A. and 
	{Li}, X. and {Onogi}, K. and {Saarinen}, S. and {Sokka}, N. and 
	{Allan}, R.~P. and {Andersson}, E. and {Arpe}, K. and {Balmaseda}, M.~A. and 
	{Beljaars}, A.~C.~M. and {Berg}, L.~V.~D. and {Bidlot}, J. and 
	{Bormann}, N. and {Caires}, S. and {Chevallier}, F. and {Dethof}, A. and 
	{Dragosavac}, M. and {Fisher}, M. and {Fuentes}, M. and {Hagemann}, S. and 
	{H{\'o}lm}, E. and {Hoskins}, B.~J. and {Isaksen}, L. and {Janssen}, P.~A.~E.~M. and 
	{Jenne}, R. and {McNally}, A.~P. and {Mahfouf}, J.-F. and {Morcrette}, J.-J. and 
	{Rayner}, N.~A. and {Saunders}, R.~W. and {Simon}, P. and {Sterl}, A. and 
	{Trenberth}, K.~E. and {Untch}, A. and {Vasiljevic}, D. and 
	{Viterbo}, P. and {Woollen}, J.},
    title = "{The ERA-40 re-analysis}",
  journal = QJRMS,
     year = 2005,
    month = oct,
   volume = 131,
    pages = {2961-3012},
      doi = {10.1256/qj.04.176}
}

@ARTICLE{Tompkins2007,
   author = {{Tompkins}, A.~M. and {Gierens}, K. and {R{\"a}del}, G.},
    title = "{Ice supersaturation in the ECMWF integrated forecast system}",
  journal = QJRMS,
     year = 2007,
    month = jan,
   volume = 133,
    pages = {53-63},
      doi = {10.1002/qj.14}
}

@ARTICLE{Koehler2011,
   author = {{K{\"o}hler}, M. and {Ahlgrimm}, M. and {Beljaars}, A.},
    title = "{Unified treatment of dry convective and stratocumulus-topped boundary layers in the ECMWF model}",
  journal = QJRMS,
     year = 2011,
    month = jan,
   volume = 137,
    pages = {43-57},
      doi = {10.1002/qj.713}
}

@ARTICLE{Bodas2011,
   author = {{Bodas-Salcedo}, A. and {Webb}, M.~J. and {Bony}, S. and {Chepfer}, H. and 
    {Dufresne}, J.-L. and {Klein}, S.~A. and {Zhang}, Y. and {Marchand}, R. and 
    {Haynes}, J.~M. and {Pincus}, R. and {John}, V.~O.},
    title = "{COSP: Satellite simulation software for model assessment}",
  journal = BAMS,
     year = 2011,
    month = aug,
   volume = 92,
    pages = {1023-1043},
      doi = {10.1175/2011BAMS2856.1}
}

@ARTICLE{Dee2011,
   author = {{Dee}, D.~P. and {Uppala}, S.~M. and {Simmons}, A.~J. and {Berrisford},
	P. and {Poli}, P. and {Kobayashi}, S. and {Andrae}, U. and {Balmaseda}, M.~A. and
	{Balsamo}, G. and {Bauer}, P. and {Bechtold}, P. and {Beljaars}, A.~C.~M. and
	{van de Berg}, L. and {Bidlot}, J. and {Bormann}, N. and {Delsol}, C. and
	{Dragani}, R. and {Fuentes}, M. and {Geer}, A.~J. and {Haimberger}, L. and
	{Healy}, S.~B. and {Hersbach}, H. and {H{\'o}lm}, E.~V. and
	{Isaksen}, L. and {K{\aa}llberg}, P. and {K{\"o}hler}, M. and
	{Matricardi}, M. and {McNally}, A.~P. and {Monge-Sanz}, B.~M. and
	{Morcrette}, J.-J. and {Park}, B.-K. and {Peubey}, C. and {de Rosnay}, P. and
	{Tavolato}, C. and {Th{\'e}paut}, J.-N. and {Vitart}, F.},
    title = "{The ERA-Interim reanalysis: configuration and performance of the data assimilation system}",
  journal = QJRMS,
     year = 2011,
    month = apr,
   volume = 137,
    pages = {553-597},
      doi = {10.1002/qj.828}
}

@ARTICLE{Pincus2012,
   author = {{Pincus}, R. and {Platnick}, S. and {Ackerman}, S.~A. and {Hemler}, R.~S. and {Patrick Hofmann}, R.~J.},
    title = "{Reconciling Simulated and Observed Views of Clouds: MODIS, ISCCP, and the Limits of Instrument Simulators}",
  journal = JC,
     year = 2012,
    month = jul,
   volume = 25,
    pages = {4699-4720},
      doi = {10.1175/JCLI-D-11-00267.1}
}

@ARTICLE{Forbes2015,
   author = {{Forbes}, R.~M. and {Geer}, A. and {Lonitz}, K. and {Ahlgrimm}, M. },
    title = "{Reducing systematic errors in cold-air outbreaks}",
  journal = {ECMWF Newsletter},
     year = {Winter 2015/2016},
   volume = 146,
    pages = {17-22}
}


@inbook{IPCC2013,
   author = {Boucher, O. and Randall, D. and Artaxo, P. and Bretherton, C. and Feingold, G. and Forster, P. and Kerminen, V.-M. and Kondo, Y. and Liao, H. and Lohmann, U. and Rasch, P. and Satheesh, S.K. and Sherwood, S. and Stevens, B. and Zhang, X.Y.},
   title = {Clouds and Aerosols},
   booktitle = {Climate Change 2013: The Physical Science Basis. Contribution of Working Group I to the Fifth Assessment Report of the Intergovernmental Panel on Climate Change},
   editor = {Stocker, T.F. and Qin, D. and Plattner, G.-K. and Tignor, M. and Allen, S.K. and Boschung, J. and Nauels, A. and Xia, Y. and Bex, V. and Midgley, P.M.},
   publisher = {Cambridge University Press},
   address = {Cambridge, United Kingdom and New York, NY, USA},
   chapter = {7},
   pages = {571â€“658},
   ISBN = {ISBN 978-1-107-66182-0},
   DOI = {10.1017/CBO9781107415324.016},
   url = {www.climatechange2013.org},
   year = {2013},
   type = {Book Section}
}