
@ARTICLE{Han94,
   author = {{Han}, Q. and {Rossow}, W.~B. and {Lacis}, A.~A.},
    title = "{Near-Global Survey of Effective Droplet Radii in Liquid Water Clouds Using ISCCP Data.}",
  journal = {Journal of Climate},
     year = 1994,
    month = apr,
   volume = 7,
    pages = {465-497},
      doi = {10.1175/1520-0442(1994)007<0465:NGSOED>2.0.CO;2}
}

@ARTICLE{Dee11,
   author = {{Dee}, D.~P. and {Uppala}, S.~M. and {Simmons}, A.~J. and {Berrisford},
	P. and {Poli}, P. and {Kobayashi}, S. and {Andrae}, U. and {Balmaseda}, M.~A. and
	{Balsamo}, G. and {Bauer}, P. and {Bechtold}, P. and {Beljaars}, A.~C.~M. and
	{van de Berg}, L. and {Bidlot}, J. and {Bormann}, N. and {Delsol}, C. and
	{Dragani}, R. and {Fuentes}, M. and {Geer}, A.~J. and {Haimberger}, L. and
	{Healy}, S.~B. and {Hersbach}, H. and {H{\'o}lm}, E.~V. and
	{Isaksen}, L. and {K{\aa}llberg}, P. and {K{\"o}hler}, M. and
	{Matricardi}, M. and {McNally}, A.~P. and {Monge-Sanz}, B.~M. and
	{Morcrette}, J.-J. and {Park}, B.-K. and {Peubey}, C. and {de Rosnay}, P. and
	{Tavolato}, C. and {Th{\'e}paut}, J.-N. and {Vitart}, F.},
    title = "{The ERA-Interim reanalysis: configuration and performance of the data assimilation system}",
  journal = {Quarterly Journal of the Royal Meteorological Society},
     year = 2011,
    month = apr,
   volume = 137,
    pages = {553-597},
      doi = {10.1002/qj.828}
}
