
@string{PhysRevE="Physical Review E"}
@string{JCAM="Journal of Computational and Applied Mathematics"}
@string{JC="Journal of Climate"}
@string{JAS="Journal of Atmospheric Sciences"}
@string{QJRMS="Quarterly Journal of the Royal Meteorological Society"}
@string{BAMS="Bulletin of the American Meteorological Society"}
@string{CD="Climate Dynamics"}
@string{BPA="Beitr\"age zur Physik der Atmosph\"are"}
@string{MWR="Monthly Weather Review"}
@string{RSE="Remote Sensing of Environment"}
@string{JGR="Journal of Geophysical Research"}

