
@string{PhysRevE="Phys. Rev. E"}
@string{JCAM="J. Comput. Appl. Math."}
@string{JC="J. Climate"}
@string{JAS="J. Atmos. Sci."}
@string{QJRMS="Q. J. Roy. Meteor. Soc."}
@string{BAMS="B. Am. Meteorol. Soc."}
@string{CD="Climate Dyn."}
@string{BPA="Beitr. Phys. Atmos."}
@string{MWR="Mon. Wea. Rev."}
@string{RSE="Remote Sens. Environ."}
@string{JGR="J. Geophys. Res."}